<record><leader>00000cas a22000007a 4500</leader><controlfield tag="001">12046339</controlfield><controlfield tag="008">850517c19859999njuwr ne      0   a0eng d</controlfield><datafield ind1=" " ind2=" " tag="010"><subfield code="a">sn 85007471 </subfield></datafield><datafield ind1=" " ind2=" " tag="040"><subfield code="a">NSD</subfield><subfield code="b">eng</subfield><subfield code="c">NSD</subfield><subfield code="d">NJW</subfield><subfield code="d">OCLCQ</subfield></datafield><datafield ind1=" " ind2=" " tag="012"><subfield code="m">1</subfield></datafield><datafield ind1="1" ind2=" " tag="022"><subfield code="a">0882-9616</subfield><subfield code="l">0882-9616</subfield><subfield code="2">1</subfield></datafield><datafield ind1=" " ind2=" " tag="032"><subfield code="a">741870</subfield><subfield code="b">USPS</subfield></datafield><datafield ind1=" " ind2=" " tag="037"><subfield code="b">Tuckerton Beacon, 345 E. Bay Ave., Manahawkin, N.J. 08050</subfield></datafield><datafield ind1=" " ind2=" " tag="042"><subfield code="a">nsdp</subfield></datafield><datafield ind1="0" ind2=" " tag="130"><subfield code="a">Tuckerton beacon (Manahawkin, N.J. : 1985)</subfield></datafield><datafield ind1=" " ind2="0" tag="222"><subfield code="a">Tuckerton beacon</subfield><subfield code="b">(1985)</subfield></datafield><datafield ind1="1" ind2="0" tag="245"><subfield code="a">Tuckerton beacon.</subfield></datafield><datafield ind1=" " ind2=" " tag="260"><subfield code="a">Manahawkin, N.J. :</subfield><subfield code="b">Manahawkin Newspapers, Inc.,</subfield><subfield code="c">1985-</subfield></datafield><datafield ind1=" " ind2=" " tag="310"><subfield code="a">Weekly</subfield></datafield><datafield ind1="0" ind2=" " tag="362"><subfield code="a">Vol. 95, no. 29 (Mar. 21, 1985)-</subfield></datafield><datafield ind1=" " ind2=" " tag="752"><subfield code="a">United States</subfield><subfield code="b">New Jersey</subfield><subfield code="c">Ocean</subfield><subfield code="d">Tuckerton.</subfield></datafield><datafield ind1=" " ind2=" " tag="752"><subfield code="a">United States</subfield><subfield code="b">New Jersey</subfield><subfield code="c">Ocean</subfield><subfield code="d">Manahawkin.</subfield></datafield><datafield ind1="0" ind2="0" tag="780"><subfield code="t">More Tuckerton news</subfield></datafield><datafield ind1=" " ind2=" " tag="936"><subfield code="a">Mar. 21, 1985</subfield></datafield></record>